%YAML 1.1
%TAG !u! tag:unity3d.com,2011:
--- !u!1 &6675739367586210925
GameObject:
  m_ObjectHideFlags: 0
  m_CorrespondingSourceObject: {fileID: 0}
  m_PrefabInstance: {fileID: 0}
  m_PrefabAsset: {fileID: 0}
  serializedVersion: 6
  m_Component:
  - component: {fileID: 416416953593943256}
  - component: {fileID: 3339915782794557535}
  - component: {fileID: 5440709587891034423}
  - component: {fileID: 2948379876352596194}
  - component: {fileID: 2387943251750774382}
  m_Layer: 0
  m_Name: Platform 2 Platform
  m_TagString: Untagged
  m_Icon: {fileID: 0}
  m_NavMeshLayer: 0
  m_StaticEditorFlags: 0
  m_IsActive: 1
--- !u!4 &416416953593943256
Transform:
  m_ObjectHideFlags: 0
  m_CorrespondingSourceObject: {fileID: 0}
  m_PrefabInstance: {fileID: 0}
  m_PrefabAsset: {fileID: 0}
  m_GameObject: {fileID: 6675739367586210925}
  m_LocalRotation: {x: 0, y: 0, z: 0, w: 1}
  m_LocalPosition: {x: 0, y: 0, z: 0}
  m_LocalScale: {x: 0.5, y: 0.5, z: 0.5}
  m_Children:
  - {fileID: 6625315117205725963}
  - {fileID: 973897922926161247}
  m_Father: {fileID: 0}
  m_RootOrder: 0
  m_LocalEulerAnglesHint: {x: 0, y: 0, z: 0}
--- !u!33 &3339915782794557535
MeshFilter:
  m_ObjectHideFlags: 0
  m_CorrespondingSourceObject: {fileID: 0}
  m_PrefabInstance: {fileID: 0}
  m_PrefabAsset: {fileID: 0}
  m_GameObject: {fileID: 6675739367586210925}
  m_Mesh: {fileID: 10202, guid: 0000000000000000e000000000000000, type: 0}
--- !u!23 &5440709587891034423
MeshRenderer:
  m_ObjectHideFlags: 0
  m_CorrespondingSourceObject: {fileID: 0}
  m_PrefabInstance: {fileID: 0}
  m_PrefabAsset: {fileID: 0}
  m_GameObject: {fileID: 6675739367586210925}
  m_Enabled: 1
  m_CastShadows: 1
  m_ReceiveShadows: 1
  m_DynamicOccludee: 1
  m_MotionVectors: 1
  m_LightProbeUsage: 1
  m_ReflectionProbeUsage: 1
  m_RenderingLayerMask: 1
  m_RendererPriority: 0
  m_Materials:
  - {fileID: 2100000, guid: e69cfce087e4e5d44a6556b86e120ff5, type: 2}
  m_StaticBatchInfo:
    firstSubMesh: 0
    subMeshCount: 0
  m_StaticBatchRoot: {fileID: 0}
  m_ProbeAnchor: {fileID: 0}
  m_LightProbeVolumeOverride: {fileID: 0}
  m_ScaleInLightmap: 1
  m_ReceiveGI: 1
  m_PreserveUVs: 0
  m_IgnoreNormalsForChartDetection: 0
  m_ImportantGI: 0
  m_StitchLightmapSeams: 1
  m_SelectedEditorRenderState: 3
  m_MinimumChartSize: 4
  m_AutoUVMaxDistance: 0.5
  m_AutoUVMaxAngle: 89
  m_LightmapParameters: {fileID: 0}
  m_SortingLayerID: 0
  m_SortingLayer: 0
  m_SortingOrder: 0
--- !u!65 &2948379876352596194
BoxCollider:
  m_ObjectHideFlags: 0
  m_CorrespondingSourceObject: {fileID: 0}
  m_PrefabInstance: {fileID: 0}
  m_PrefabAsset: {fileID: 0}
  m_GameObject: {fileID: 6675739367586210925}
  m_Material: {fileID: 0}
  m_IsTrigger: 0
  m_Enabled: 1
  serializedVersion: 2
  m_Size: {x: 1, y: 1, z: 1}
  m_Center: {x: 0, y: 0, z: 0}
--- !u!114 &2387943251750774382
MonoBehaviour:
  m_ObjectHideFlags: 0
  m_CorrespondingSourceObject: {fileID: 0}
  m_PrefabInstance: {fileID: 0}
  m_PrefabAsset: {fileID: 0}
  m_GameObject: {fileID: 6675739367586210925}
  m_Enabled: 1
  m_EditorHideFlags: 0
  m_Script: {fileID: 11500000, guid: 7b2b2f00a680c464b8ae27d14abe7ce7, type: 3}
  m_Name: 
  m_EditorClassIdentifier: 
  spikes: {fileID: 6625315117205725963}
  coin: {fileID: 648015278774967639, guid: b8ecd7c9b6eab4d4d87bdd9274be4bf3, type: 3}
--- !u!65 &592600190450275135
BoxCollider:
  m_ObjectHideFlags: 0
  m_CorrespondingSourceObject: {fileID: 0}
  m_PrefabInstance: {fileID: 0}
  m_PrefabAsset: {fileID: 0}
  m_GameObject: {fileID: 7902270504059556120}
  m_Material: {fileID: 0}
  m_IsTrigger: 1
  m_Enabled: 1
  serializedVersion: 2
  m_Size: {x: 0.005, y: 0.005, z: 0.005}
  m_Center: {x: 0, y: 0, z: 0}
--- !u!1001 &973897922926525397
PrefabInstance:
  m_ObjectHideFlags: 0
  serializedVersion: 2
  m_Modification:
    m_TransformParent: {fileID: 416416953593943256}
    m_Modifications:
    - target: {fileID: 144258, guid: 9af3b3b20f4f2144a82908097a8be3e2, type: 3}
      propertyPath: m_Name
      value: Spike 2
      objectReference: {fileID: 0}
    - target: {fileID: 497290, guid: 9af3b3b20f4f2144a82908097a8be3e2, type: 3}
      propertyPath: m_LocalPosition.x
      value: 0
      objectReference: {fileID: 0}
    - target: {fileID: 497290, guid: 9af3b3b20f4f2144a82908097a8be3e2, type: 3}
      propertyPath: m_LocalPosition.y
      value: 0
      objectReference: {fileID: 0}
    - target: {fileID: 497290, guid: 9af3b3b20f4f2144a82908097a8be3e2, type: 3}
      propertyPath: m_LocalPosition.z
      value: 0
      objectReference: {fileID: 0}
    - target: {fileID: 497290, guid: 9af3b3b20f4f2144a82908097a8be3e2, type: 3}
      propertyPath: m_LocalRotation.x
      value: -0
      objectReference: {fileID: 0}
    - target: {fileID: 497290, guid: 9af3b3b20f4f2144a82908097a8be3e2, type: 3}
      propertyPath: m_LocalRotation.y
      value: -0
      objectReference: {fileID: 0}
    - target: {fileID: 497290, guid: 9af3b3b20f4f2144a82908097a8be3e2, type: 3}
      propertyPath: m_LocalRotation.z
      value: -0
      objectReference: {fileID: 0}
    - target: {fileID: 497290, guid: 9af3b3b20f4f2144a82908097a8be3e2, type: 3}
      propertyPath: m_LocalRotation.w
      value: 1
      objectReference: {fileID: 0}
    - target: {fileID: 497290, guid: 9af3b3b20f4f2144a82908097a8be3e2, type: 3}
      propertyPath: m_RootOrder
      value: 1
      objectReference: {fileID: 0}
    - target: {fileID: 497290, guid: 9af3b3b20f4f2144a82908097a8be3e2, type: 3}
      propertyPath: m_LocalEulerAnglesHint.x
      value: 0
      objectReference: {fileID: 0}
    - target: {fileID: 497290, guid: 9af3b3b20f4f2144a82908097a8be3e2, type: 3}
      propertyPath: m_LocalEulerAnglesHint.y
      value: 0
      objectReference: {fileID: 0}
    - target: {fileID: 497290, guid: 9af3b3b20f4f2144a82908097a8be3e2, type: 3}
      propertyPath: m_LocalEulerAnglesHint.z
      value: 0
      objectReference: {fileID: 0}
    m_RemovedComponents: []
  m_SourcePrefab: {fileID: 100100000, guid: 9af3b3b20f4f2144a82908097a8be3e2, type: 3}
--- !u!4 &973897922926161247 stripped
Transform:
  m_CorrespondingSourceObject: {fileID: 497290, guid: 9af3b3b20f4f2144a82908097a8be3e2,
    type: 3}
  m_PrefabInstance: {fileID: 973897922926525397}
  m_PrefabAsset: {fileID: 0}
--- !u!1001 &2200971803420723217
PrefabInstance:
  m_ObjectHideFlags: 0
  serializedVersion: 2
  m_Modification:
    m_TransformParent: {fileID: 416416953593943256}
    m_Modifications:
    - target: {fileID: -927199367670048503, guid: b2d4c7233bc05dd4ca26c2469bdfcba1,
        type: 3}
      propertyPath: m_Name
      value: Spike 1
      objectReference: {fileID: 0}
    - target: {fileID: -927199367670048503, guid: b2d4c7233bc05dd4ca26c2469bdfcba1,
        type: 3}
      propertyPath: m_IsActive
      value: 0
      objectReference: {fileID: 0}
    - target: {fileID: -927199367670048503, guid: b2d4c7233bc05dd4ca26c2469bdfcba1,
        type: 3}
      propertyPath: m_TagString
      value: Spike
      objectReference: {fileID: 0}
    - target: {fileID: -4216859302048453862, guid: b2d4c7233bc05dd4ca26c2469bdfcba1,
        type: 3}
      propertyPath: m_LocalPosition.x
      value: 0
      objectReference: {fileID: 0}
    - target: {fileID: -4216859302048453862, guid: b2d4c7233bc05dd4ca26c2469bdfcba1,
        type: 3}
      propertyPath: m_LocalPosition.y
      value: 0
      objectReference: {fileID: 0}
    - target: {fileID: -4216859302048453862, guid: b2d4c7233bc05dd4ca26c2469bdfcba1,
        type: 3}
      propertyPath: m_LocalPosition.z
      value: 0
      objectReference: {fileID: 0}
    - target: {fileID: -4216859302048453862, guid: b2d4c7233bc05dd4ca26c2469bdfcba1,
        type: 3}
      propertyPath: m_LocalRotation.x
      value: -0
      objectReference: {fileID: 0}
    - target: {fileID: -4216859302048453862, guid: b2d4c7233bc05dd4ca26c2469bdfcba1,
        type: 3}
      propertyPath: m_LocalRotation.y
      value: -0
      objectReference: {fileID: 0}
    - target: {fileID: -4216859302048453862, guid: b2d4c7233bc05dd4ca26c2469bdfcba1,
        type: 3}
      propertyPath: m_LocalRotation.z
      value: -0
      objectReference: {fileID: 0}
    - target: {fileID: -4216859302048453862, guid: b2d4c7233bc05dd4ca26c2469bdfcba1,
        type: 3}
      propertyPath: m_LocalRotation.w
      value: 1
      objectReference: {fileID: 0}
    - target: {fileID: -4216859302048453862, guid: b2d4c7233bc05dd4ca26c2469bdfcba1,
        type: 3}
      propertyPath: m_RootOrder
      value: 0
      objectReference: {fileID: 0}
    - target: {fileID: -4216859302048453862, guid: b2d4c7233bc05dd4ca26c2469bdfcba1,
        type: 3}
      propertyPath: m_LocalEulerAnglesHint.x
      value: 0
      objectReference: {fileID: 0}
    - target: {fileID: -4216859302048453862, guid: b2d4c7233bc05dd4ca26c2469bdfcba1,
        type: 3}
      propertyPath: m_LocalEulerAnglesHint.y
      value: 0
      objectReference: {fileID: 0}
    - target: {fileID: -4216859302048453862, guid: b2d4c7233bc05dd4ca26c2469bdfcba1,
        type: 3}
      propertyPath: m_LocalEulerAnglesHint.z
      value: 0
      objectReference: {fileID: 0}
    - target: {fileID: -4216859302048453862, guid: b2d4c7233bc05dd4ca26c2469bdfcba1,
        type: 3}
      propertyPath: m_LocalScale.x
      value: 60
      objectReference: {fileID: 0}
    - target: {fileID: -4216859302048453862, guid: b2d4c7233bc05dd4ca26c2469bdfcba1,
        type: 3}
      propertyPath: m_LocalScale.y
      value: 60
      objectReference: {fileID: 0}
    - target: {fileID: -4216859302048453862, guid: b2d4c7233bc05dd4ca26c2469bdfcba1,
        type: 3}
      propertyPath: m_LocalScale.z
      value: 60
      objectReference: {fileID: 0}
    - target: {fileID: -1504981713932161579, guid: b2d4c7233bc05dd4ca26c2469bdfcba1,
        type: 3}
      propertyPath: m_Materials.Array.data[0]
      value: 
      objectReference: {fileID: 2100000, guid: 9bfca49a948fe334a88f091b8afeac76, type: 2}
    m_RemovedComponents: []
  m_SourcePrefab: {fileID: 100100000, guid: b2d4c7233bc05dd4ca26c2469bdfcba1, type: 3}
--- !u!1 &7902270504059556120 stripped
GameObject:
  m_CorrespondingSourceObject: {fileID: -927199367670048503, guid: b2d4c7233bc05dd4ca26c2469bdfcba1,
    type: 3}
  m_PrefabInstance: {fileID: 2200971803420723217}
  m_PrefabAsset: {fileID: 0}
--- !u!4 &6625315117205725963 stripped
Transform:
  m_CorrespondingSourceObject: {fileID: -4216859302048453862, guid: b2d4c7233bc05dd4ca26c2469bdfcba1,
    type: 3}
  m_PrefabInstance: {fileID: 2200971803420723217}
  m_PrefabAsset: {fileID: 0}
